@article {cowbus,
    author = {Robin Backhaus and Patrick Kanzler and Josef Schnurrer and Michael Zapf},
    title = {cowbus -- a small home automation bus},
    year = {2014}
}
@article {riot,
    author = {Oliver Hahm and Emmanuel Baccelli and Mesut Günes and Matthias Wählisch
        and Thomas C. Schmidt},
    title = {RIOT OS: Towards an OS for the Internet of Things},
    journal = {in Proceedings of the 32nd IEEE International Conference on Computer Communications (INFOCOM), Poster Session},
    month = {April},
    year = {2013}
}
