@article{haenselmann2007skriptbasierte,
    title={{S}kriptbasierte drahtlose {G}eb{\"a}udeautomation mit {S}ensornetzen},
    author={Haenselmann, Thomas and King, Thomas and Effelsberg, Wolfgang and Busse, Marcel and Fuchs, Markus},
    journal={PIK-Praxis der Informationsverarbeitung und Kommunikation},
    volume={30},
    number={3},
    pages={163--169},
    year={2007},
    language = {ngerman}
}

@misc{knx-prod,
    title = {{K}{N}{X} -- {T}echnologie -- {E}inf√ºhrung},
    author = {{KNX Association}},
    howpublished = {\url{http://www.knx.org/knx-de/knx/technologie/einfuehrung/index.php}}
}
