@article {riot,
    author = {Oliver Hahm and Emmanuel Baccelli and Mesut Günes and Matthias Wählisch
        and Thomas C. Schmidt},
    title = {RIOT OS: Towards an OS for the Internet of Things},
    journal = {in Proceedings of the 32nd IEEE International Conference on Computer Communications (INFOCOM), Poster Session},
    month = {April},
    year = {2013}
}
